<record><leader>00000cas a22000007a 4500</leader><controlfield tag="001">10262005</controlfield><controlfield tag="008">840104c19839999tnuwr ne      0   a0eng d</controlfield><datafield ind1=" " ind2=" " tag="010"><subfield code="a">sn 84007838 </subfield></datafield><datafield ind1=" " ind2=" " tag="040"><subfield code="a">NSD</subfield><subfield code="b">eng</subfield><subfield code="c">NSD</subfield><subfield code="d">TGN</subfield><subfield code="d">OCLCQ</subfield></datafield><datafield ind1=" " ind2=" " tag="012"><subfield code="m">1</subfield></datafield><datafield ind1="1" ind2=" " tag="022"><subfield code="a">0746-7745</subfield><subfield code="l">0746-7745</subfield><subfield code="2">1</subfield></datafield><datafield ind1=" " ind2=" " tag="032"><subfield code="a">335650</subfield><subfield code="b">USPS</subfield></datafield><datafield ind1=" " ind2=" " tag="037"><subfield code="b">Citizen-Statesman, P.O. Box F, East Lake Ave., Celina, TN 38551</subfield></datafield><datafield ind1=" " ind2=" " tag="042"><subfield code="a">nsdp</subfield><subfield code="a">msc</subfield></datafield><datafield ind1=" " ind2="0" tag="222"><subfield code="a">Citizen-statesman</subfield></datafield><datafield ind1="0" ind2="0" tag="245"><subfield code="a">Citizen-statesman.</subfield></datafield><datafield ind1=" " ind2=" " tag="260"><subfield code="a">Celina, Tenn. :</subfield><subfield code="b">Robert Adams, James Ausenbaugh, Patsy Judd,</subfield><subfield code="c">1983-</subfield></datafield><datafield ind1=" " ind2=" " tag="310"><subfield code="a">Weekly</subfield></datafield><datafield ind1="0" ind2=" " tag="362"><subfield code="a">Vol. 1, no. 1 (Dec. 8, 1983)-</subfield></datafield><datafield ind1=" " ind2=" " tag="580"><subfield code="a">Formed by the union of: Citizen (Celina, Tenn.), and: Clay statesman.</subfield></datafield><datafield ind1=" " ind2=" " tag="752"><subfield code="a">United States</subfield><subfield code="b">Tennessee</subfield><subfield code="c">Clay</subfield><subfield code="d">Celina.</subfield></datafield><datafield ind1="1" ind2="4" tag="780"><subfield code="t">Citizen (Celina, Tenn.)</subfield><subfield code="w">(DLC)sn 97065491</subfield></datafield><datafield ind1="1" ind2="4" tag="780"><subfield code="t">Clay statesman</subfield><subfield code="x">0745-5410</subfield><subfield code="w">(DLC)sn 83002031</subfield></datafield><datafield ind1="1" ind2=" " tag="029"><subfield code="a">AU@</subfield><subfield code="b">000040687003</subfield></datafield></record>